@book{quran,
  title = {القرآن الكريم},
  author = {الله},
  publisher = {رسول الله محمد صلى الله عليه وسلم},
}

@book{tafsir_Saadi,
  title     = { تيسير الكريم الرحمن في تفسير كلام المنان},
  author    = {عبد الرحمن بن ناصر بن عبد الله السعدي (ت 1376 هـ)},
  publisher = {مؤسسة الرسالة},
  investigator = {عبد الرحمن بن معلا اللويحق},
  year      = {الطبعة الأولى، 1420 هـ - 2000 م},
  issue     = {الطبعة الأولى},
  note = {\href{https://shamela.ws/book/42}{رابط الكتاب في المكتبة الشاملة}}
}

@book{ibnAbdAlHakam_OmarIbnAbdAlAziz,
  title     = {سيرة عمر بن عبد العزيز على ما رواه الإمام مالك بن أنس وأصحابه},
  author    = {عبد الله بن عبد الحكم الفقيه (ت 214 هـ)},
  publisher = {عالم الكتب - لبنان},
  year      = {الطبعة السادسة، 1404 هـ - 1984 م},
  issue     = {الطبعة السادسة},
  note = {\href{https://shamela.ws/book/6656}{رابط الكتاب في المكتبة الشاملة}}
}

@book{ibnJareerTabari_Tareekh,
  title     = {كتاب تاريخ الطبري، تاريخ الرسل والملوك},
  author    = {محمد بن جرير الطبري (224-310 هـ)},
  publisher = {دار المعارف - مصر},
  year      = {الطبعة الثانية، 1387 هـ - 1967 م},
  issue     = {الطبعة الثانية},
  note = {\href{https://shamela.ws/book/9783}{رابط الكتاب في المكتبة الشاملة}}
}

@book{dahabi_Siyar,
  title     = {سير أعلام النبلاء},
  author    = {شمس الدين الذهبي (673-748 هـ)},
  publisher = {دار الحديث - مصر},
  year      = {الطبعة الأولى، 1427 هـ - 2006 م},
  issue     = {الطبعة الأولى},
  note = {\href{https://shamela.ws/book/22669}{رابط الكتاب في المكتبة الشاملة}}
}

@book{ibnAbdRabbih_AlIqd,
  title     = {العقد الفريد},
  author    = {ابن عبد ربه الأندلسي (ت 368 هـ)},
  publisher = {دار الكتب العلمية - لبنان},
  year      = {الطبعة الأولى، 1404 هـ - 2006 م},
  issue     = {الطبعة الأولى},
  note = {\href{https://shamela.ws/book/22669}{رابط الكتاب في المكتبة الشاملة}}
}


@book{abuNuaim_Hilya,
  title     = {حلية الأولياء وطبقات الأصفياءحلية الأولياء وطبقات الأصفياء},
  author    = {أبو نعيم الأصبهاني (ت 430 هـ)},
  publisher = {مطبعة السعادة - مصر},
  year      = {الطبعة الأولى، 1394 هـ - 1974 م},
  issue     = {الطبعة الأولى},
  note = {\href{https://shamela.ws/book/10495}{رابط الكتاب في المكتبة الشاملة}}
}