---
---

@inproceedings{holdgraf_evidence_2014,
	address = {Brisbane, Australia, Australia},
	title = {Evidence for {Predictive} {Coding} in {Human} {Auditory} {Cortex}},
	booktitle = {International {Conference} on {Cognitive} {Neuroscience}},
	publisher = {Frontiers in Neuroscience},
	author = {Holdgraf, Christopher Ramsay and de Heer, Wendy and Pasley, Brian N. and Knight, Robert T.},
	year = {2014}
}

@article{holdgraf_rapid_2016,
	title = {Rapid tuning shifts in human auditory cortex enhance speech intelligibility},
	volume = {7},
	issn = {2041-1723},
	url = {http://www.nature.com/doifinder/10.1038/ncomms13654},
	doi = {10.1038/ncomms13654},
	number = {May},
	journal = {Nature Communications},
	author = {Holdgraf, Christopher Ramsay and de Heer, Wendy and Pasley, Brian N. and Rieger, Jochem W. and Crone, Nathan and Lin, Jack J. and Knight, Robert T. and Theunissen, Frédéric E.},
	year = {2016},
	pages = {13654},
	file = {Holdgraf et al. - 2016 - Rapid tuning shifts in human auditory cortex enhance speech intelligibility.pdf:C\:\\Users\\chold\\Zotero\\storage\\MDQP3JWE\\Holdgraf et al. - 2016 - Rapid tuning shifts in human auditory cortex enhance speech intelligibility.pdf:application/pdf}
}

@inproceedings{holdgraf_portable_2017,
	title = {Portable learning environments for hands-on computational instruction using container-and cloud-based technology to teach data science},
	volume = {Part F1287},
	isbn = {978-1-4503-5272-7},
	doi = {10.1145/3093338.3093370},
	abstract = {© 2017 ACM. There is an increasing interest in learning outside of the traditional classroom setting. This is especially true for topics covering computational tools and data science, as both are challenging to incorporate in the standard curriculum. These atypical learning environments offer new opportunities for teaching, particularly when it comes to combining conceptual knowledge with hands-on experience/expertise with methods and skills. Advances in cloud computing and containerized environments provide an attractive opportunity to improve the effciency and ease with which students can learn. This manuscript details recent advances towards using commonly-Available cloud computing services and advanced cyberinfrastructure support for improving the learning experience in bootcamp-style events. We cover the benets (and challenges) of using a server hosted remotely instead of relying on student laptops, discuss the technology that was used in order to make this possible, and give suggestions for how others could implement and improve upon this model for pedagogy and reproducibility.},
	booktitle = {{ACM} {International} {Conference} {Proceeding} {Series}},
	author = {Holdgraf, Christopher Ramsay and Culich, A. and Rokem, A. and Deniz, F. and Alegro, M. and Ushizima, D.},
	year = {2017},
	keywords = {Teaching, Bootcamps, Cloud computing, Data science, Docker, Pedagogy}
}

@article{holdgraf_encoding_2017,
	title = {Encoding and decoding models in cognitive electrophysiology},
	volume = {11},
	issn = {16625137},
	doi = {10.3389/fnsys.2017.00061},
	abstract = {© 2017 Holdgraf, Rieger, Micheli, Martin, Knight and Theunissen. Cognitive neuroscience has seen rapid growth in the size and complexity of data recorded from the human brain as well as in the computational tools available to analyze this data. This data explosion has resulted in an increased use of multivariate, model-based methods for asking neuroscience questions, allowing scientists to investigate multiple hypotheses with a single dataset, to use complex, time-varying stimuli, and to study the human brain under more naturalistic conditions. These tools come in the form of “Encoding” models, in which stimulus features are used to model brain activity, and “Decoding” models, in which neural features are used to generated a stimulus output. Here we review the current state of encoding and decoding models in cognitive electrophysiology and provide a practical guide toward conducting experiments and analyses in this emerging field. Our examples focus on using linear models in the study of human language and audition. We show how to calculate auditory receptive fields from natural sounds as well as how to decode neural recordings to predict speech. The paper aims to be a useful tutorial to these approaches, and a practical introduction to using machine learning and applied statistics to build models of neural activity. The data analytic approaches we discuss may also be applied to other sensory modalities, motor systems, and cognitive systems, and we cover some examples in these areas. In addition, a collection of Jupyter notebooks is publicly available as a complement to the material covered in this paper, providing code examples and tutorials for predictive modeling in python. The aimis to provide a practical understanding of predictivemodeling of human brain data and to propose best-practices in conducting these analyses.},
	journal = {Frontiers in Systems Neuroscience},
	author = {Holdgraf, Christopher Ramsay and Rieger, J.W. and Micheli, C. and Martin, S. and Knight, R.T. and Theunissen, F.E.},
	year = {2017},
	keywords = {Decoding models, Encoding models, Electrocorticography (ECoG), Electrophysiology/evoked potentials, Machine learning applied to neuroscience, Natural stimuli, Predictive modeling, Tutorials}
}

@book{ruby,
  title     = {The Ruby Programming Language},
  author    = {Flanagan, David and Matsumoto, Yukihiro},
  year      = {2008},
  publisher = {O'Reilly Media}
}


@book{quran,
  title = {القرآن الكريم},
  author = {الله},
  publisher = {رسول الله محمد صلى الله عليه وسلم},
}

% Hadith:
@book{bukhari,
  title     = {صحيح البخاري},
  author    = {أبو عبد الله محمد بن إسماعيل بن إبراهيم بن المغيرة الجعفي البخاري (ت 256 هـ)},
  publisher = {دار التأصيل - مصر},
  year      = {الطبعة الأولى، 1433 هـ - 2012 م},
  issue     = {الطبعة الأولى},
  note = {\href{https://shamela.ws/book/1284}{الكتاب في المكتبة الشاملة}}
}

@book{muslim,
  title     = {صحيح مسلم},
  author    = {أبو الحسين مسلم بن الحجاج القشيري النيسابوري (ت 261 هـ)},
  publisher = {مطبعة عيسى البابي الحلبي وشركاه - مصر},
  year      = {الطبعة الأولى، 1374 هـ - 1955 م},
  issue     = {الطبعة الأولى},
  note = {\href{https://shamela.ws/book/1727}{الكتاب في المكتبة الشاملة}}
}

@book{SunanAbiDawood,
  title     = {سنن أبي داود},
  author    = {أبو داود سليمان بن الأشعث الأزدي السجستاني (ت 275 هـ)},
  publisher = {دار الرسالة العالمية},
  investigator = {شعيب الأرنؤوط (ت 1438 هـ) - محمد كامل قره بللي},
  year      = {الطبعة الأولى، 1430 هـ - 2009 م},
  issue     = {الطبعة الأولى},
  note = {\href{https://shamela.ws/book/117359}{الكتاب في المكتبة الشاملة}}
}

@book{ahmid,
  title     = {مسند الإمام أحمد بن حنبل},
  author    = {الإمام أحمد بن حنبل (ت 241 هـ)},
  publisher = {مؤسسة الرسالة},
  investigator = {شعيب الأرنؤوط (ت 1438 هـ)},
  year      = {الطبعة الأولى، 1421 هـ - 2001 م},
  issue     = {الطبعة الأولى},
  note = {\href{https://shamela.ws/book/25794}{الكتاب في المكتبة الشاملة}}
}

@book{albani_SahihSunanAbiDawood,
  title     = {صحيح سنن أبي داود},
  author    = {محمد ناصر الدين الألباني (ت 1460 هـ)},
  publisher = {مؤسسة غراس للنشر والتوزيع - الكويت},
  year      = {الطبعة الأولى، 1423 هـ - 2002 م},
  issue     = {الطبعة الأولى},
  note = {\href{https://shamela.ws/book/25881}{الكتاب في المكتبة الشاملة}}
}

@book{albani_SahihSunanAlNasaee,
  title     = {صحيح سنن النسائي},
  author    = {محمد ناصر الدين الألباني (ت 1460 هـ)},
  publisher = {مكتب التربية العربي لدول الخليج - السعودية},
  year      = {الطبعة الأولى، 1409 هـ - 1988 م},
  issue     = {الطبعة الأولى},
  note = {\href{https://shamela.ws/book/1147}{الكتاب في المكتبة الشاملة}}
}

@book{albani_Sahiha,
  title     = {سلسلة الأحاديث الصحيحة وشيء من فقهها وفوائدها},
  author    = {محمد ناصر الدين الألباني (ت 1460 هـ)},
  publisher = {مكتبة المعارف للنشر والتوزيع - السعودية},
  year      = {الطبعة الأولى، 1415 هـ - 1995 م},
  issue     = {الطبعة الأولى},
  note = {\href{https://shamela.ws/book/9442}{الكتاب في المكتبة الشاملة}}
}

@book{albani_Sunah,
  title     = {كتاب السنة لابن أبي عاصم ومعها ظلال الجنة للألباني},
  author    = {أبو بكر بن أبي عاصم وهو أحمد بن عمرو بن الضحاك بن مخلد الشيباني (ت 287 هـ)},
  investigator = {محمد ناصر الدين الألباني (ت 1460 هـ)},
  publisher = {المكتب الإسلامي - السعودية},
  year      = {الطبعة الأولى، 1400 هـ - 1980 م},
  issue     = {الطبعة الأولى},
  note = {\href{https://shamela.ws/book/12051}{الكتاب في المكتبة الشاملة}}
}

@book{jamaaSagheer,
  title     = {الجامع الصغير وزيادته مع أحكام محمد ناصر الدين الألباني من صحيح أو ضعيف الجامع الصغير},
  author    = {عبد الرحمن بن أبي بكر، جلال الدين السيوطي (ت 911 هـ)},
  publisher = {مكتبة الشاملة - إلكتروني فقط},
  note = {\href{https://shamela.ws/book/21659}{الكتاب في المكتبة الشاملة}}
}

%: Tafsir
@book{tafsir_Saadi,
  title     = {تفسير السعدي - تيسير الكريم الرحمن في تفسير كلام المنان},
  author    = {عبد الرحمن بن ناصر بن عبد الله السعدي (ت 1376 هـ)},
  publisher = {مؤسسة الرسالة},
  investigator = {عبد الرحمن بن معلا اللويحق},
  year      = {الطبعة الأولى، 1420 هـ - 2000 م},
  issue     = {الطبعة الأولى},
  note = {\href{https://shamela.ws/book/42}{الكتاب في المكتبة الشاملة}}
}

@book{tafsir_Tabari,
  title     = {تفسير الطبري - جامع البيان عن تأويل آي القرآن},
  author    = {أبو جعفر محمد بن جرير الطبري (ت 310 هـ)},
  publisher = {دار هجر للطباعة والنشر والتوزيع والإعلان - مصر},
  investigator = {د عبد الله بن عبد المحسن التركي},
  year      = {الطبعة الأولى، 1422 هـ - 2001 م},
  issue     = {الطبعة الأولى},
  note = {\href{https://shamela.ws/book/7798}{الكتاب في المكتبة الشاملة}}
}

@book{tafsir_ibnKathir,
  title     = {تفسير بن كثير - تفسير القرآن العظيم},
  author    = {عماد الدين أبو الفداء إسماعيل بن عمر بن كثير الدمشقي (ت 774 هـ)},
  publisher = {دار طيبة للنشر والتوزيع - السعودية},
  investigator = {سامي بن محمد السلامة},
  year      = {الطبعة الثانية، 1420 هـ - 1999 م},
  issue     = {الطبعة الثانية،},
  note = {\href{https://shamela.ws/book/8473}{الكتاب في المكتبة الشاملة}}
}

@book{tafsir_Qurtubi,
  title     = {تفسير القرطبي - الجامع لأحكام القرآن},
  author    = {أبو عبد الله، محمد بن أحمد الأنصاري القرطبي (ت 671 هـ)},
  publisher = {دار الكتب المصرية - مصر},
  investigator = {أحمد البردوني وإبراهيم أطفيش},
  year      = {الطبعة الثانية، 1384 هـ - 1964 م},
  issue     = {الطبعة الثانية},
  note = {\href{https://shamela.ws/book/20855}{الكتاب في المكتبة الشاملة}}
}
@book{tafsir_Baghawi,
  title     = {تفسير البغوي - معالم التنزيل في تفسير القرآن},
  author    = {محيي السنة، أبو محمد الحسين بن مسعود البغوي (ت 510 هـ)},
  publisher = {دار طيبة للنشر والتوزيع},
  investigator = {حققه وخرج أحاديثه محمد عبد الله النمر - عثمان جمعة ضميرية - سليمان مسلم الحرش},
  year      = {الطبعة الرابعة، 1417 هـ - 1997 م},
  issue     = {الطبعة الرابعة},
  note = {\href{https://shamela.ws/book/41}{الكتاب في المكتبة الشاملة}}
}

% Seerah:
@book{ibnAbdAlHakam_OmarIbnAbdAlAziz,
  title     = {سيرة عمر بن عبد العزيز على ما رواه الإمام مالك بن أنس وأصحابه},
  author    = {عبد الله بن عبد الحكم الفقيه (ت 214 هـ)},
  publisher = {عالم الكتب - لبنان},
  year      = {الطبعة السادسة، 1404 هـ - 1984 م},
  issue     = {الطبعة السادسة},
  note = {\href{https://shamela.ws/book/6656}{الكتاب في المكتبة الشاملة}}
}

@book{ibnJareerTabari_Tareekh,
  title     = {كتاب تاريخ الطبري، تاريخ الرسل والملوك},
  author    = {محمد بن جرير الطبري (224-310 هـ)},
  publisher = {دار المعارف - مصر},
  year      = {الطبعة الثانية، 1387 هـ - 1967 م},
  issue     = {الطبعة الثانية},
  note = {\href{https://shamela.ws/book/9783}{الكتاب في المكتبة الشاملة}}
}

@book{dahabi_Siyar,
  title     = {سير أعلام النبلاء},
  author    = {شمس الدين الذهبي (673-748 هـ)},
  publisher = {دار الحديث - مصر},
  year      = {الطبعة الأولى، 1427 هـ - 2006 م},
  issue     = {الطبعة الأولى},
  note = {\href{https://shamela.ws/book/22669}{الكتاب في المكتبة الشاملة}}
}

@book{ibnKathir_AlBidayah,
  title     = {البداية والنهاية},
  author    = {عماد الدين أبو الفداء إسماعيل بن عمر بن كثير الدمشقي (ت 774 هـ)},
  investigator = {عبد الله بن عبد المحسن التركي},
  publisher = {دار هجر للطباعة والنشر والتوزيع والإعلان},
  year      = {الطبعة الأولى، 1420 هـ - 1999 م},
  issue     = {الطبعة الأولى},
  note = {\href{https://shamela.ws/book/4445}{الكتاب في المكتبة الشاملة}}
}

@book{ibnAbdRabbih_AlIqd,
  title     = {العقد الفريد},
  author    = {ابن عبد ربه الأندلسي (ت 368 هـ)},
  publisher = {دار الكتب العلمية - لبنان},
  year      = {الطبعة الأولى، 1404 هـ - 1984 م},
  issue     = {الطبعة الأولى},
  note = {\href{https://shamela.ws/book/23789}{الكتاب في المكتبة الشاملة}}
}

@book{abuNuaim_Hilya,
  title     = {حلية الأولياء وطبقات الأصفياء},
  author    = {أبو نعيم الأصبهاني (ت 430 هـ)},
  publisher = {مطبعة السعادة - مصر},
  year      = {الطبعة الأولى، 1394 هـ - 1974 م},
  issue     = {الطبعة الأولى},
  note = {\href{https://shamela.ws/book/10495}{الكتاب في المكتبة الشاملة}}
}

% Arabic:
@book{askaari_Furuq,
  title     = {معجم الفروق اللغوية},
  author    = {أبو هلال العسكري (ت 395 هـ)},
  publisher = {مؤسسة النشر الإسلامي},
  year      = {الطبعة الأولى، 1412 هـ - 1991 م},
  issue     = {الطبعة الأولى},
  note = {\href{https://shamela.ws/book/10495}{الكتاب في المكتبة الشاملة}}
}

% Fatwa:
@book{ibnTaimia_Majmoo,
  title     = {مجموع الفتاوى},
  author    = {شيخ الإسلام أحمد بن تيمية (ت 728 هـ)},
  publisher = {مجمع الملك فهد لطباعة المصحف الشريف - السعودية},
  year      = {الطبعة الأولى، 1423 هـ - 2003 م},
  issue     = {الطبعة الأولى},
  note = {\href{https://shamela.ws/book/7289}{الكتاب في المكتبة الشاملة}}
}

@book{ibnTaimia_DTAWN,
  title     = {درء تعارض العقل والنقل},
  author    = {شيخ الإسلام أحمد بن تيمية (ت 728 هـ)},
  publisher = {جامعة الإمام محمد بن سعود الإسلامية - السعودية},
  investigator = {الدكتور محمد رشاد سالم},
  year      = {الطبعة الثانية، 1411 هـ - 1991 م},
  issue     = {الطبعة الثانية},
  note = {\href{https://shamela.ws/book/21506}{الكتاب في المكتبة الشاملة}}
}


@book{shuhur_ahmidShakir,
  title     = {أوائل الشهور العربية: هل يجوز شرعا إثباتها بالحساب الفلكي؟ بحث جديد علمي حر},
  author    = {أحمد محمد شاكر (ت 728 هـ)},
  year      = {1357 هـ - 1939 م},
  note = {\href{https://ia800803.us.archive.org/17/items/smtrresmtrre/asa.pdf}{الإرشيف}}
}